@phdthesis{balahur2011,
    title={Methods and Resources for Sentiment Analysis in Multilingual Documents of Different Text Types},
    author={Balahur Dobrescu, Alexandra},
    school={Universidad de Alicante},
    year={2011}
    }

@article{boiy2009,
    year={2009},
    journal={Information Retrieval},
    volume={12},
    number={5},
    title={A machine learning approach to sentiment analysis in multilingual Web texts},
    publisher={Springer Netherlands},
    author={Boiy, Erik and Moens, Marie-Francine},
    pages={526-558}
}

@inproceedings{brooke2009,
  title={Cross-linguistic sentiment analysis: From english to spanish},
  author={Brooke, Julian and Tofiloski, Milan and Taboada, Maite},
  booktitle={International Conference RANLP},
  pages={50--54},
  year={2009}
}

@article{fernandez2012,
  title={Techniques for sentiment analysis and topic detection of Spanish tweets: preliminary report},
  author={Fern{\'a}ndez Anta, Antonio},
  year={2012}
}

@inproceedings{pang2004,
  title={A sentimental education: Sentiment analysis using subjectivity summarization based on minimum cuts},
  author={Pang, Bo and Lee, Lillian},
  booktitle={Proceedings of the 42nd annual meeting on Association for Computational Linguistics},
  pages={271},
  year={2004},
  organization={Association for Computational Linguistics}
}

@inproceedings{pang2002,
  title={Thumbs up?: sentiment classification using machine learning techniques},
  author={Pang, Bo and Lee, Lillian and Vaithyanathan, Shivakumar},
  booktitle={Proceedings of the ACL-02 conference on Empirical methods in natural language processing-Volume 10},
  pages={79--86},
  year={2002},
  organization={Association for Computational Linguistics}
}

@article{urizar2012,
  title={TASS: Detecting Sentiments in Spanish Tweets},
  year={2012},
  journal={TASS 2012 Working Notes},
  author={Urizar, Xabier Saralegi and Fundazioa, Elhuyar and Roncal, Inaki San Vicente}
}

@inproceedings{vilares2013,
  title={Supervised polarity classification of Spanish tweets based on linguistic knowledge},
  author={Vilares, David and Alonso, Miguel {\'A}ngel and G{\'o}mez-Rodr{\'\i}guez, Carlos},
  booktitle={Proceedings of the 2013 ACM symposium on Document engineering},
  pages={169--172},
  year={2013},
  organization={ACM}
}

@article{vilares2013syn,
  title={A syntactic approach for opinion mining on Spanish reviews},
  author={Vilares, David and Alonso, Miguel {\'A}ngel and G{\'o}mez-Rodr{\'i}guez, Carlos},
  journal={Natural Language Engineering},
  pages={1--25},
  year={2013},
  publisher={Cambridge Univ Press}
}

@article{zhang2009,
  title={Sentiment analysis of Chinese documents: From sentence to document level},
  author={Zhang, Changli and Zeng, Daniel and Li, Jiexun and Wang, Fei-Yue and Zuo, Wanli},
  journal={Journal of the American Society for Information Science and Technology},
  volume={60},
  number={12},
  pages={2474--2487},
  year={2009},
  publisher={Wiley Online Library}
}
